% BibTeX database for AFT at i3A

%% bibtexfile{
%%  author	= " ",
%%  version	= "1.0",
%%  date	= "10 April 2003",
%%  filename	= "fuzzy.bib",
%%  adress	= "Fachhochschule Trier
%%		   University of Applied Sciences Trier
%%		   Postfach 1826
%%		   D-54208 Trier
%%		   Germany",
%%  email	= "<i3a.fh-trier.de>" }


% How to use this file within an german document!
%
% - set 'german' as global option to documentclass
%   e.g.: '\documentclass[12pt,a4paper,oneside,german,epsfig]{ai-paper}'
% - use package 'babel': '\usepackage{babel}'
% - use package 'bibgerm': '\usepackage{bibgerm}'
% - use bibstyle 'geralpha', 'gerplain', ...
%   e.g.: '\bibliographystyle{geralpha}'
%
% Within this .bib-file use 'and' to specify more than one author. 
% You have to use only the english abbreviations WITHOUT curly brackets
% for months! e.g.: 'jan', 'feb', 'mar', 'apr', 'mai', 'jun', 'jul',
% 'aug', 'sep', 'oct', 'nov', 'dec'.



% Short explanation of entry types:
%
% Article:          An article from a journal or magazine.
% Book:             A Book with an explicit publisher.
% Booklet:          A work that is printed and bound, but without a 
%                   named publisher or sponsoring institution.
% InBook:           A part of a book which may be a chapter (or section
%                   or whatever) and/or a range of pages.
% InCollection:     A part of a book having ots own title.
% InProceedings:    An article in a conference proceedings.
% Manual:           Technical documentation.
% Mastersthesis:    A Master's thesis.
% Misc:             Use this type when nothing else fits.
% PhDthesis:        A PhD thesis.
% Proceedings:      The proceedings of a conference. See also: inproceedings.
% Techreport:       A report published by a school or other institution, 
%                   usally numbered within a series.
%
% Further Information may be found at www.din1505.informationskompetenz.net



%%%%%%%% article
%%
%% An article from a journal or magazine.
%%
%% Required fields:
%% author, title, journal, year
%%
%% Optional fields:
%% volume, number, pages, month, note

@Article{Hart1968,
	author    = {Peter Hart and Nils Nilsson and Bertram Raphael},
	journal   = {{IEEE} Transactions on Systems Science and Cybernetics},
	title     = {{A Formal Basis for the Heuristic Determination of Minimum Cost Paths}},
	year      = {1968},
	number    = {2},
	pages     = {100--107},
	volume    = {4},
	doi       = {10.1109/tssc.1968.300136},
	publisher = {Institute of Electrical and Electronics Engineers ({IEEE})},
}

@Article{Heusner2017,
	author  = {M. Heusner and T. Keller and M. Helmert},
	journal = {Tenth Annual Symposium on Combinatorial Search},
	title   = {{Understanding the Search Behaviour of Greedy Best-First Search}},
	year    = {2017},
	number  = {1},
	volume  = {8},
}

@Article{Peralta2020,
	author    = {Federico Peralta and Mario Arzamendia and Derlis Gregor and Daniel G. Reina and Sergio Toral},
	journal   = {Sensors},
	title     = {{A Comparison of Local Path Planning Techniques of Autonomous Surface Vehicles for Monitoring Applications: The Ypacarai Lake Case-study}},
	year      = {2020},
	month     = {mar},
	number    = {5},
	pages     = {1488},
	volume    = {20},
	doi       = {10.3390/s20051488},
	publisher = {{MDPI} {AG}},
}

@Article{Goldberg2005,
	author  = {Andrew V. Goldberg and Chris Harrelson},
	journal = {SODA '05: Proceedings of the sixteenth annual ACM-SIAM symposium on Discrete algorithms},
	title   = {{Computing the shortest path: A search meets graph theory}},
	year    = {2005},
	month   = jan,
	pages   = {156--165},
}


%%%%%%%% book
%%
%% A Book with an explicit publisher.
%%
%% Required fields:
%% author or editor, title, publisher, year
%%
%% Optional fields:
%% volume or number, series, address, edition, month, isbn, note



%%%%%%%% booklet
%%
%% A work that is printed and bound, but without a named publisher or
%% sponsoring institution.
%%
%% Required fields:
%% title
%%
%% Optional fields:
%% author, howpublished, address, month, year, note



%%%%%%%% inbook
%%
%% A part of a book which may be a chapter (or section or whatever) and/or 
%% a range of pages.
%%
%% Required fields:
%% author or editor, title, chapter and/or pages, publisher, year
%%
%% Optional fields:
%% volume or number, series, type, address, edition, month, note

@InBook{Russell2010,
	author    = {Stuart J. Russell and Peter Norvig},
	chapter   = {3.4.6},
	pages     = {90,91},
	publisher = {Pearson Education, Inc},
	title     = {{Artificial Intelligence - A Modern Approach}},
	year      = {2010},
}

@InBook{Russel2010,
	author    = {Stuart J. Russel and Peter Norvig},
	chapter   = {3.5},
	pages     = {92--102},
	publisher = {Pearson Education, Inc},
	title     = {{Artificial Intelligence - A Modern Approach}},
	year      = {2010},
}

%%%%%%%% incollection
%%
%% A part of a book having its own title.
%%
%% Required fields:
%% author, title, booktitle, publisher, year
%%
%% Optional fields:
%% editor, volume or number, series, type, chapter, pages, address, 
%% edition, month, note

@InCollection{Goldberg2007,
	author    = {Andrew V. Goldberg},
	booktitle = {Lecture Notes in Computer Science},
	publisher = {Springer Berlin Heidelberg},
	title     = {{Point-to-Point Shortest Path Algorithms with Preprocessing}},
	year      = {2007},
	pages     = {88--102},
	doi       = {10.1007/978-3-540-69507-3_6},
}

%%%%%%%% inproceedings
%%
%% An article in a conference preceedings.
%%
%% Required fields:
%% author, title, booktitle, year
%%
%% Optional fields:
%% editor, volume or number, series, pages, address, month, organization, 
%% publisher, note


%%%%%%%% manual
%%
%% Technical documentation.
%%
%% Required fields:
%% title
%%
%% Optional fields:
%% author, editor, organization, address, edition, month, year, note


%%%%%%%% mastersthesis
%%
%% A Master's thesis.
%%
%% Required fields:
%% author, title, school, year
%%
%% Optional fields:
%% type, address, month, note


%%%%%%%% misc
%%
%% Use this type when nothing else fits.
%%
%% Required fields:
%% none.
%%
%% Optional fields:
%% author, title, url, month, year, note

@misc{Wikipedia:00,
	title={{Wikipedia - Online Lexikon}},
	url={de.wikipedia.org/wiki/Pruning},
	note={\\ {\url{de.wikipedia.org/wiki/Pruning}}}
}

%%%%%%%% phdthesis
%%
%% A PhD thesis.
%%
%% Required fields:
%% author, title, school, year
%% 
%% Optional fields:
%% type, address, month, note


%%%%%%%% proceedings
%%
%% The proceedings of a conference. See also: inproceedings.
%%
%% Required fields:
%% title, year
%%
%% Optional fields:
%% editor, volume or number, series, address, month, organization, publisher, note


%%%%%%%% techreport
%%
%% A report published by a school or other institution, usally 
%% numbered within a series.
%%
%% Required fields:
%% author, title, institution, year
%%
%% Optional fields:
%% type, number, address, month, note

@Conference{Gutman2004,
	author    = {Ron Gutman},
	booktitle = {Proceedings of the Sixth Workshop on Algorithm Engineering and Experiments and the First Workshop on Analytic Algorithmics and Combinatorics},
	title     = {{Reach-Based Routing: A New Approach to Shortest Path Algorithms Optimized for Road Networks}},
	year      = {2004},
	address   = {New Orleans, LA, USA},
	month     = jan,
}



@Comment{jabref-meta: databaseType:bibtex;}
